%% This BibTeX bibliography file was created using BibDesk.
%% https://bibdesk.sourceforge.io/

%% Created for Lorenzo Tecchia at 2023-05-04 17:26:14 +0200 


%% Saved with string encoding Unicode (UTF-8) 



@book{Sipser:2006aa,
	address = {Boston},
	annote = {LDR    01264cam  2200289 a 4500
001    14218587
005    20101223082022.0
008    060104s2006    maua     b    001 0 eng  
906    $a7$bcbc$corigcop$d2$encip$f20$gy-gencatlg
925 0  $aacquire$b2 shelf copies$xpolicy default
955    $apv19 2006-01-04 z-processor to ASCD$ajp00 2006-01-10$ijp02 2006-01-13$ejp02 2006-01-13 to Dewey$aaa07 2006-02-16$aaa29 2006-08-28 copy 2 added
010    $a  2006271030
020    $a0534950973
040    $aDLC$cDLC$dDLC
050 00 $aQA267$b.S56 2006
082 00 $a511.3/5$222
100 1  $aSipser, Michael.
245 10 $aIntroduction to the theory of computation /$cMichael Sipser.
250    $a2nd ed.
260    $aBoston :$bThomson Course Technology,$cc2006.
300    $axix, 431 p. :$bill. ;$c25 cm.
504    $aIncludes bibliographical references (p. 415-419) and index.
650  0 $aMachine theory.
650  0 $aComputational complexity.
856 42 $3Contributor biographical information$uhttp://www.loc.gov/catdir/enhancements/fy1103/2006271030-b.html
856 42 $3Publisher description$uhttp://www.loc.gov/catdir/enhancements/fy1103/2006271030-d.html
856 41 $3Table of contents only$uhttp://www.loc.gov/catdir/enhancements/fy1103/2006271030-t.html
},
	author = {Sipser, Michael},
	call-number = {QA267},
	date-added = {2023-05-04 17:25:45 +0200},
	date-modified = {2023-05-04 17:25:45 +0200},
	dewey-call-number = {511.3/5},
	edition = {2nd ed},
	genre = {Machine theory},
	isbn = {0534950973},
	library-id = {2006271030},
	publisher = {Thomson Course Technology},
	title = {Introduction to the theory of computation},
	url = {http://www.loc.gov/catdir/enhancements/fy1103/2006271030-b.html},
	year = {2006},
	bdsk-url-1 = {http://www.loc.gov/catdir/enhancements/fy1103/2006271030-b.html}}
